<?xml version="1.0" encoding="UTF-8"?><collection xmlns="http://www.loc.gov/MARC21/slim"><record><leader>00500nam--2200145-i-4500</leader><controlfield tag="001">000019891</controlfield><controlfield tag="002">20161230</controlfield><controlfield tag="005">20161230201033</controlfield><controlfield tag="008">060222s1000------------r-----000-0-eng-d</controlfield><datafield ind1=" " ind2=" " tag="080"><subfield code="a">535.33:547</subfield></datafield><datafield ind1=" " ind2=" " tag="100"><subfield code="a">Fabian, J. And Hartmann, H</subfield></datafield><datafield ind1=" " ind2=" " tag="245"><subfield code="a">Light absorbtion of organic colorants. theoretical treatment and empirical rules</subfield></datafield><datafield ind1=" " ind2=" " tag="260"><subfield code="a">Berlin, Springer-verlag, 1980. Viii + 245 P. With 76 Figures And 47 Tables</subfield></datafield><datafield ind1=" " ind2=" " tag="490"><subfield code="a">Reactivity And Structure Concepts In Organic Chemistry</subfield></datafield><datafield ind1=" " ind2=" " tag="852"><subfield code="a">46881</subfield></datafield></record></collection>